@article{
	volume_data,
	author={Arne Horst},
	title={{Amount of data created, consumed, and stored 2010-2025}},
	year={2021},
	note={online at: https://www.statista.com/statistics/871513/worldwide-data-created/}
}

@book{
	hadoop_beginner,
	author={Garry Turkington},
	title={{Hadoop beginner's guide}},
	year={2013}
}

@article{
	gfs,
	author={Sanjay Ghemawat, Howard Gobioff and Shun-Tak Leung },
	title={{The Google File System}},
	year={2003},
	note={online at: https://research.google/pubs/pub51/}
}

@article{
	gmr,
	author={Jeffrey Dean and Sanjay Ghemawat },
	title={{MapReduce: Simplified Data Processing on Large Clusters }},
	year={2004},
	note={online at: https://research.google/pubs/pub62/}
}

@article{
	yarn,
	author={Apache foundation},
	title={{Apache Yarn}},
	note={online at: https://hadoop.apache.org/docs/stable/hadoop-yarn/hadoop-yarn-site/YARN.html}
}

@article{
	apache_hive,
	author={Apache foundation},
	title={{Apache Hive}},
	note={online at: https://hive.apache.org/}
}

@article{
	apache_pig,
	author={Apache foundation},
	title={{Apache Pig}},
	note={online at: https://pig.apache.org/}
}

@article{
	apache_zookeeper,
	author={Apache foundation},
	title={{Apache Zookeeper}},
	note={online at: https://zookeeper.apache.org/}
}

@article{
	apache_flume,
	author={Apache foundation},
	title={{Apache Flume}},
	note={online at: https://flume.apache.org/}
}

@article{
	presto,
	author={Presto foundation},
	title={Presto},
	note={online at: https://prestodb.io/}
}

@article{
	apache_kafka,
	author={Apache foundation},
	title={{Apache Kafka}},
	note={online at: https://kafka.apache.org/}
}

@article{
	apache_spark,
	author={Apache foundation},
	title={{Apache Spark}},
	note={online at: https://spark.apache.org/}
}

@article{
	apache_flink,
	author={Apache foundation},
	title={{Apache Flink}},
	note={online at: https://flink.apache.org/}
}

@article{
	scala_akka,
	author={Lightbend},
	title={akka},
	note={online at: https://akka.io/}
}

@book{
	hadoop_learning,
	author={Garry Turkington and Gabriele Modena},
	title={{Learning Hadoop 2}},
	year={2015}
}

@article{
	hadoop_arch_guide,
	author={Apache foundation},
	title={{HDFS Architecture Guide}},
	note={online at: https://hadoop.apache.org/docs/}
}

@article{
	spark_streaming,
	author={Apache Spark},
	title={{Structured Streaming Programming Guide}},
	note={online at: https://spark.apache.org/docs/latest/structured-streaming-programming-guide.html}
}

@book{
	spark_guide,
	author={Bill Chambers and Matei Zaharia},
	title={Spark: The definitive guide},
	year={2018}
}

@article{
	spark_rdd,
	author={Apache Spark},
	title={{RDD Programming Guide}},
	note={online at: https://spark.apache.org/docs/latest/rdd-programming-guide.html}
}

@article{
	spark_rdd_transf,
	author={Apache Spark},
	title={{Spark Core}},
	note={online at: https://spark.apache.org/docs/latest/api/python/reference/pyspark.html}
}

@book{
	scala_prog,
	title={{Programming in Scala, First edition}},
	author={Martin Odersky, Lex Spoon and Bill Venners},
	year={2008}
}

@article{
	odysee_article,
	title={Odysee aims to build a more freewheeling, independent video platform},
	author={Anthony Ha},
	year={2020},
	note={online at: https://techcrunch.com/2020/12/07/odysee-launch/}
}

@article{
	lbry,
	title={LBRY},
	note={online at: https://lbry.com/}
}

@article{
	coinbase_web3,
	title={Understanding Web 3 â€” A User Controlled Internet},
	author={Emre Tekisalp},
	year={2018},
	note={online at: https://blog.coinbase.com/understanding-web-3-a-user-controlled-internet-a39c21cf83f3}
}

@article{
	w3c_semantic,
	title={Semantic web},
	author={W3C}
}

@book{
	semantic,
	title={Foundations of Semantic web technologies},
	year={2010},
	author={Pascal Hitzler, Marcus Krotzsch and Sebastian Rudolph}
}

@article{
	osm_wiki,
	title={OpenStreetMap wiki},
	author={OpenStreetMap Foundation},
	note={online at: https://wiki.openstreetmap.org/}
}

@article{
	osm_xml,
	title={{OSM XML}},
	author={OpenStreetMap Foundation},
	note={online at: https://wiki.openstreetmap.org/wiki/OSM\_XML}
}

@article{
	google_maps,
	title={{Google Maps}},
	author={Google},
	note={online at: https://www.google.com/maps/}
}

@article{
	java_awt_polygon,
	title={{java.awt.Polygon}},
	author={Oracle},
	note={online at: https://docs.oracle.com/javase/7/docs/api/java/awt/Polygon.html}
}

@article{
	inside_polygon,
	title={Determining if a point lies on the interior of a polygon},
	author={Paul Bourke},
	year={1997}
}

@article{
	cloud_computing,
	title={{What is cloud computing?}},
	author={{AWS}},
	note={online at: https://aws.amazon.com/what-is-cloud-computing/}
}

@article{
	aws,
	title={{AWS}},
	note={online at: https://aws.amazon.com/}
}

@article{
	ec2,
	title={{Amazon EC2}},
	author={{AWS}},
	note={online at: https://aws.amazon.com/ec2/}
}

@article{
	s3,
	title={{Amazon S3}},
	author={{AWS}},
	note={online at: https://aws.amazon.com/s3/}
}

@article{
	emr,
	title={{Amazon EMR}},
	author={{AWS}},
	note={online at: https://aws.amazon.com/emr/}
}

@article{
	geonames,
	title={{GeoNames}},
	note={online at: https://www.geonames.org/}
}

@article{
	leaflet,
	title={Leaflet},
	note={online at: https://leafletjs.com/}
}

@article{
	geofabrik,
	title={Geofabrik.de},
	note={online at: https://download.geofabrik.de/europe.html}
}

@article{
	osm_pbf_format,
	title={{PBF Format}},
	note={online: https://wiki.openstreetmap.org/wiki/PBF\_Format}
}

@article{
	apache_parquet,
	title={{Apache Parquet}},
	author={{Apache Foundation}},
	note={online at: https://parquet.apache.org/}
}

@article{
	osm_parquetizer,
	title={{Osm parquetizer}},
	author={Adrianulbona},
	note={online at: https://wiki.openstreetmap.org/wiki/Osm-parquetizer}
}

@article{
	using_akka_http,
	title={{Introduction to akka Http}},
	author={Lightbend},
	note={online at: https://doc.akka.io/docs/akka-http/current/introduction.html}
}

@article{
	apache_sedona,
	title={{Apache Sedona}},
	author={{Apache Foundation}},
	note={oneline at: https://sedona.apache.org/}
}
